@article{RN253,
   author = {Baranowski, Ryan W. and Braun, Jessica L. and Hockey, Briana L. and Yumol, Jenalyn L. and Geromella, Mia S. and Watson, Colton J. F. and Kurgan, Nigel and Messner, Holt N. and Whitley, Kennedy C. and MacNeil, Adam J. and Gauquelin-Koch, Guillemette and Bertile, Fabrice and Gittings, William and Vandenboom, Rene and Ward, Wendy E. and Fajardo, Val A.},
   title = {Towards countering muscle and bone loss with spaceflight: GSK3 as a potential target},
   journal = {iScience},
   pages = {107047},
   ISSN = {2589-0042},
   DOI = {https://doi.org/10.1016/j.isci.2023.107047},
   url = {https://www.sciencedirect.com/science/article/pii/S2589004223011240},
   year = {2023},
   type = {Journal Article}
}

@article{RN263,
   author = {Beigpoor, A. and McKinlay, B. J. and Kurgan, N. and Plyley, M. J. and O'Leary, D. and Falk, B. and Klentrou, P.},
   title = {Cytokine concentrations in saliva vs. plasma at rest and in response to intense exercise in adolescent athletes},
   journal = {Ann Hum Biol},
   volume = {48},
   number = {5},
   pages = {389-392},
   ISSN = {0301-4460},
   DOI = {10.1080/03014460.2021.1980105},
   year = {2021},
   type = {Journal Article}
}

@article{RN257,
   author = {Copeland, E. N. and Watson, C. J. F. and Whitley, K. C. and Baranowski, B. J. and Kurgan, N. and MacNeil, A. J. and MacPherson, R. E. K. and Fajardo, V. A. and Allison, D. J.},
   title = {Kynurenine metabolism is altered in mdx mice: a potential muscle to brain connection},
   journal = {Exp Physiol},
   volume = {107},
   number = {9},
   pages = {1029-1036},
   ISSN = {0958-0670},
   DOI = {10.1113/ep090381},
   year = {2022},
   type = {Journal Article}
}

@article{RN276,
   author = {Dekker, J. and Nelson, K. and Kurgan, N. and Falk, B. and Josse, A. and Klentrou, P.},
   title = {Wnt Signaling-Related Osteokines and Transforming Growth Factors Before and After a Single Bout of Plyometric Exercise in Child and Adolescent Females},
   journal = {Pediatr Exerc Sci},
   volume = {29},
   number = {4},
   pages = {504-512},
   ISSN = {0899-8493},
   DOI = {10.1123/pes.2017-0042},
   year = {2017},
   type = {Journal Article}
}

@article{RN258,
   author = {Guzman, A. and Kurgan, N. and Moniz, S. C. and McCarthy, S. F. and Sale, C. and Logan-Sprenger, H. and Elliott-Sale, K. J. and Hazell, T. J. and Klentrou, P.},
   title = {Menstrual Cycle Related Fluctuations in Circulating Markers of Bone Metabolism at Rest and in Response to Running in Eumenorrheic Females},
   journal = {Calcif Tissue Int},
   volume = {111},
   number = {2},
   pages = {124-136},
   ISSN = {0171-967x},
   DOI = {10.1007/s00223-022-00970-4},
   year = {2022},
   type = {Journal Article}
}

@article{RN268,
   author = {Hamstra, S. I. and Kurgan, N. and Baranowski, R. W. and Qiu, L. and Watson, C. J. F. and Messner, H. N. and MacPherson, R. E. K. and MacNeil, A. J. and Roy, B. D. and Fajardo, V. A.},
   title = {Low-dose lithium feeding increases the SERCA2a-to-phospholamban ratio, improving SERCA function in murine left ventricles},
   journal = {Exp Physiol},
   volume = {105},
   number = {4},
   pages = {666-675},
   ISSN = {0958-0670},
   DOI = {10.1113/ep088061},
   year = {2020},
   type = {Journal Article}
}

@article{RN267,
   author = {Hamstra, S. I. and Whitley, K. C. and Baranowski, R. W. and Kurgan, N. and Braun, J. L. and Messner, H. N. and Fajardo, V. A.},
   title = {The role of phospholamban and GSK3 in regulating rodent cardiac SERCA function},
   journal = {Am J Physiol Cell Physiol},
   volume = {319},
   number = {4},
   pages = {C694-c699},
   ISSN = {0363-6143},
   DOI = {10.1152/ajpcell.00318.2020},
   year = {2020},
   type = {Journal Article}
}

@article{RN274,
   author = {Klentrou, P. and Angrish, K. and Awadia, N. and Kurgan, N. and Kouvelioti, R. and Falk, B.},
   title = {Wnt Signaling-Related Osteokines at Rest and Following Plyometric Exercise in Prepubertal and Early Pubertal Boys and Girls},
   journal = {Pediatr Exerc Sci},
   volume = {30},
   number = {4},
   pages = {457-465},
   ISSN = {0899-8493},
   DOI = {10.1123/pes.2017-0259},
   year = {2018},
   type = {Journal Article}
}

@article{RN262,
   author = {Klentrou, P. and McKee, K. and McKinlay, B. J. and Kurgan, N. and Roy, B. D. and Falk, B.},
   title = {Circulating Levels of Bone Markers after Short-Term Intense Training with Increased Dairy Consumption in Adolescent Female Athletes},
   journal = {Children (Basel)},
   volume = {8},
   number = {11},
   ISSN = {2227-9067 (Print)
2227-9067},
   DOI = {10.3390/children8110961},
   year = {2021},
   type = {Journal Article}
}

@article{RN273,
   author = {Kouvelioti, R. and Kurgan, N. and Falk, B. and Ward, W. E. and Josse, A. R. and Klentrou, P.},
   title = {Response of Sclerostin and Bone Turnover Markers to High Intensity Interval Exercise in Young Women: Does Impact Matter?},
   journal = {Biomed Res Int},
   volume = {2018},
   pages = {4864952},
   ISSN = {2314-6133 (Print)},
   DOI = {10.1155/2018/4864952},
   year = {2018},
   type = {Journal Article}
}

@article{RN269,
   author = {Kouvelioti, R. and Kurgan, N. and Falk, B. and Ward, W. E. and Josse, A. R. and Klentrou, P.},
   title = {Cytokine and Sclerostin Response to High-Intensity Interval Running versus Cycling},
   journal = {Med Sci Sports Exerc},
   volume = {51},
   number = {12},
   pages = {2458-2464},
   ISSN = {0195-9131},
   DOI = {10.1249/mss.0000000000002076},
   year = {2019},
   type = {Journal Article}
}

@article{RN266,
   author = {McKinlay, B. J. and Theocharidis, A. and Adebero, T. and Kurgan, N. and Fajardo, V. A. and Roy, B. D. and Josse, A. R. and H, M. Logan-Sprenger and Falk, B. and Klentrou, P.},
   title = {Effects of Post-Exercise Whey Protein Consumption on Recovery Indices in Adolescent Swimmers},
   journal = {Int J Environ Res Public Health},
   volume = {17},
   number = {21},
   ISSN = {1661-7827 (Print)
1660-4601},
   DOI = {10.3390/ijerph17217761},
   year = {2020},
   type = {Journal Article}
}

@article{RN259,
   author = {McKinlay, B. J. and Wallace, P. J. and Olansky, S. and Woods, S. and Kurgan, N. and Roy, B. D. and Josse, A. R. and Falk, B. and Klentrou, P.},
   title = {Intensified training in adolescent female athletes: a crossover study of Greek yogurt effects on indices of recovery},
   journal = {J Int Soc Sports Nutr},
   volume = {19},
   number = {1},
   pages = {17-33},
   ISSN = {1550-2783},
   DOI = {10.1080/15502783.2022.2044732},
   year = {2022},
   type = {Journal Article}
}

@article{RN261,
   author = {Papadopoulos, E. and Gillen, J. and Moore, D. and Au, D. and Kurgan, N. and Klentrou, P. and Finelli, A. and Alibhai, S. M. H. and Santa Mina, D.},
   title = {High-intensity interval training or resistance training versus usual care in men with prostate cancer on active surveillance: a 3-arm feasibility randomized controlled trial},
   journal = {Appl Physiol Nutr Metab},
   volume = {46},
   number = {12},
   pages = {1535-1544},
   ISSN = {1715-5312},
   DOI = {10.1139/apnm-2021-0365},
   year = {2021},
   type = {Journal Article}
}

@article{RN264,
   author = {Skelly, L. E. and Barbour-Tuck, E. N. and Kurgan, N. and Calleja, M. and Klentrou, P. and Falk, B. and Josse, A. R.},
   title = {Neutral Effect of Increased Dairy Product Intake, as Part of a Lifestyle Modification Program, on Cardiometabolic Health in Adolescent Girls With Overweight/Obesity: A Secondary Analysis From a Randomized Controlled Trial},
   journal = {Front Nutr},
   volume = {8},
   pages = {673589},
   ISSN = {2296-861X (Print)
2296-861x},
   DOI = {10.3389/fnut.2021.673589},
   year = {2021},
   type = {Journal Article}
}

