@article{RN256,
   author = {Kurgan, N. and Baranowski, B. and Stoikos, J. and MacNeil, A. J. and Fajardo, V. A. and MacPherson, R. E. K. and Klentrou, P.},
   title = {Characterization of sclerostin's response within white adipose tissue to an obesogenic diet at rest and in response to acute exercise in male mice},
   journal = {Front Physiol},
   volume = {13},
   pages = {1061715},
   ISSN = {1664-042X (Print)
1664-042x},
   DOI = {10.3389/fphys.2022.1061715},
   year = {2022},
   type = {Journal Article}
}

@article{RN272,
   author = {Kurgan, N. and Bott, K. N. and Helmeczi, W. E. and Roy, B. D. and Brindle, I. D. and Klentrou, P. and Fajardo, V. A.},
   title = {Low dose lithium supplementation activates Wnt/β-catenin signalling and increases bone OPG/RANKL ratio in mice},
   journal = {Biochem Biophys Res Commun},
   volume = {511},
   number = {2},
   pages = {394-397},
   ISSN = {0006-291x},
   DOI = {10.1016/j.bbrc.2019.02.066},
   year = {2019},
   type = {Journal Article}
}

@article{RN260,
   author = {Kurgan, N. and Islam, H. and Matusiak, J. B. L. and Baranowski, B. J. and Stoikos, J. and Fajardo, V. A. and MacPherson, R. E. K. and Gurd, B. J. and Klentrou, P.},
   title = {Subcutaneous adipose tissue sclerostin is reduced and Wnt signaling is enhanced following 4-weeks of sprint interval training in young men with obesity},
   journal = {Physiol Rep},
   volume = {10},
   number = {6},
   pages = {e15232},
   ISSN = {2051-817x},
   DOI = {10.14814/phy2.15232},
   year = {2022},
   type = {Journal Article}
}

@article{RN275,
   author = {Kurgan, N. and Logan-Sprenger, H. and Falk, B. and Klentrou, P.},
   title = {Bone and Inflammatory Responses to Training in Female Rowers over an Olympic Year},
   journal = {Med Sci Sports Exerc},
   volume = {50},
   number = {9},
   pages = {1810-1817},
   ISSN = {0195-9131},
   DOI = {10.1249/mss.0000000000001640},
   year = {2018},
   type = {Journal Article}
}

@article{RN265,
   author = {Kurgan, N. and McKee, K. and Calleja, M. and Josse, A. R. and Klentrou, P.},
   title = {Cytokines, Adipokines, and Bone Markers at Rest and in Response to Plyometric Exercise in Obese vs Normal Weight Adolescent Females},
   journal = {Front Endocrinol (Lausanne)},
   volume = {11},
   pages = {531926},
   ISSN = {1664-2392 (Print)
1664-2392},
   DOI = {10.3389/fendo.2020.531926},
   year = {2020},
   type = {Journal Article}
}

@article{RN271,
   author = {Kurgan, N. and Noaman, N. and Pergande, M. R. and Cologna, S. M. and Coorssen, J. R. and Klentrou, P.},
   title = {Changes to the Human Serum Proteome in Response to High Intensity Interval Exercise: A Sequential Top-Down Proteomic Analysis},
   journal = {Front Physiol},
   volume = {10},
   pages = {362},
   ISSN = {1664-042X (Print)
1664-042x},
   DOI = {10.3389/fphys.2019.00362},
   year = {2019},
   type = {Journal Article}
}

@article{RN255,
   author = {Kurgan, N. and Skelly, L. E. and Ludwa, I. A. and Klentrou, P. and Josse, A. R.},
   title = {Twelve weeks of a diet and exercise intervention alters the acute bone response to exercise in adolescent females with overweight/obesity},
   journal = {Front Physiol},
   volume = {13},
   pages = {1049604},
   ISSN = {1664-042X (Print)
1664-042x},
   DOI = {10.3389/fphys.2022.1049604},
   year = {2022},
   type = {Journal Article}
}

@article{RN254,
   author = {Kurgan, N. and Stoikos, J. and Baranowski, B. J. and Yumol, J. and Dhaliwal, R. and Sweezey-Munroe, J. B. and Fajardo, V. A. and Gittings, W. and Macpherson, R. E. K. and Klentrou, P.},
   title = {Sclerostin Influences Exercise-Induced Adaptations in Body Composition and White Adipose Tissue Morphology in Male Mice},
   journal = {J Bone Miner Res},
   volume = {38},
   number = {4},
   pages = {541-555},
   ISSN = {0884-0431},
   DOI = {10.1002/jbmr.4768},
   year = {2023},
   type = {Journal Article}
}

@article{RN277,
   author = {Kurgan, N. and Tsakiridis, E. and Kouvelioti, R. and Moore, J. and Klentrou, P. and Tsiani, E.},
   title = {Inhibition of Human Lung Cancer Cell Proliferation and Survival by Post-Exercise Serum Is Associated with the Inhibition of Akt, mTOR, p70 S6K, and Erk1/2},
   journal = {Cancers (Basel)},
   volume = {9},
   number = {5},
   ISSN = {2072-6694 (Print)
2072-6694},
   DOI = {10.3390/cancers9050046},
   year = {2017},
   type = {Journal Article}
}

@article{RN270,
   author = {Kurgan, N. and Whitley, K. C. and Maddalena, L. A. and Moradi, F. and Stoikos, J. and Hamstra, S. I. and Rubie, E. A. and Kumar, M. and Roy, B. D. and Woodgett, J. R. and Stuart, J. A. and Fajardo, V. A.},
   title = {A Low-Therapeutic Dose of Lithium Inhibits GSK3 and Enhances Myoblast Fusion in C2C12 Cells},
   journal = {Cells},
   volume = {8},
   number = {11},
   ISSN = {2073-4409},
   DOI = {10.3390/cells8111340},
   year = {2019},
   type = {Journal Article}
}

