@article{RN253,
   author = {Baranowski, Ryan W. and Braun, Jessica L. and Hockey, Briana L. and Yumol, Jenalyn L. and Geromella, Mia S. and Watson, Colton J. F. and Kurgan, Nigel and Messner, Holt N. and Whitley, Kennedy C. and MacNeil, Adam J. and Gauquelin-Koch, Guillemette and Bertile, Fabrice and Gittings, William and Vandenboom, Rene and Ward, Wendy E. and Fajardo, Val A.},
   title = {Towards countering muscle and bone loss with spaceflight: GSK3 as a potential target},
   journal = {iScience},
   pages = {107047},
   ISSN = {2589-0042},
   DOI = {https://doi.org/10.1016/j.isci.2023.107047},
   url = {https://www.sciencedirect.com/science/article/pii/S2589004223011240},
   year = {2023},
   type = {Journal Article}
}

@article{RN263,
   author = {Beigpoor, A. and McKinlay, B. J. and Kurgan, N. and Plyley, M. J. and O'Leary, D. and Falk, B. and Klentrou, P.},
   title = {Cytokine concentrations in saliva vs. plasma at rest and in response to intense exercise in adolescent athletes},
   journal = {Ann Hum Biol},
   volume = {48},
   number = {5},
   pages = {389-392},
   ISSN = {0301-4460},
   DOI = {10.1080/03014460.2021.1980105},
   year = {2021},
   type = {Journal Article}
}

@article{RN257,
   author = {Copeland, E. N. and Watson, C. J. F. and Whitley, K. C. and Baranowski, B. J. and Kurgan, N. and MacNeil, A. J. and MacPherson, R. E. K. and Fajardo, V. A. and Allison, D. J.},
   title = {Kynurenine metabolism is altered in mdx mice: a potential muscle to brain connection},
   journal = {Exp Physiol},
   volume = {107},
   number = {9},
   pages = {1029-1036},
   ISSN = {0958-0670},
   DOI = {10.1113/ep090381},
   year = {2022},
   type = {Journal Article}
}

@article{RN276,
   author = {Dekker, J. and Nelson, K. and Kurgan, N. and Falk, B. and Josse, A. and Klentrou, P.},
   title = {Wnt Signaling-Related Osteokines and Transforming Growth Factors Before and After a Single Bout of Plyometric Exercise in Child and Adolescent Females},
   journal = {Pediatr Exerc Sci},
   volume = {29},
   number = {4},
   pages = {504-512},
   ISSN = {0899-8493},
   DOI = {10.1123/pes.2017-0042},
   year = {2017},
   type = {Journal Article}
}

@article{RN258,
   author = {Guzman, A. and Kurgan, N. and Moniz, S. C. and McCarthy, S. F. and Sale, C. and Logan-Sprenger, H. and Elliott-Sale, K. J. and Hazell, T. J. and Klentrou, P.},
   title = {Menstrual Cycle Related Fluctuations in Circulating Markers of Bone Metabolism at Rest and in Response to Running in Eumenorrheic Females},
   journal = {Calcif Tissue Int},
   volume = {111},
   number = {2},
   pages = {124-136},
   ISSN = {0171-967x},
   DOI = {10.1007/s00223-022-00970-4},
   year = {2022},
   type = {Journal Article}
}

@article{RN268,
   author = {Hamstra, S. I. and Kurgan, N. and Baranowski, R. W. and Qiu, L. and Watson, C. J. F. and Messner, H. N. and MacPherson, R. E. K. and MacNeil, A. J. and Roy, B. D. and Fajardo, V. A.},
   title = {Low-dose lithium feeding increases the SERCA2a-to-phospholamban ratio, improving SERCA function in murine left ventricles},
   journal = {Exp Physiol},
   volume = {105},
   number = {4},
   pages = {666-675},
   ISSN = {0958-0670},
   DOI = {10.1113/ep088061},
   year = {2020},
   type = {Journal Article}
}

@article{RN267,
   author = {Hamstra, S. I. and Whitley, K. C. and Baranowski, R. W. and Kurgan, N. and Braun, J. L. and Messner, H. N. and Fajardo, V. A.},
   title = {The role of phospholamban and GSK3 in regulating rodent cardiac SERCA function},
   journal = {Am J Physiol Cell Physiol},
   volume = {319},
   number = {4},
   pages = {C694-c699},
   ISSN = {0363-6143},
   DOI = {10.1152/ajpcell.00318.2020},
   year = {2020},
   type = {Journal Article}
}

@article{RN274,
   author = {Klentrou, P. and Angrish, K. and Awadia, N. and Kurgan, N. and Kouvelioti, R. and Falk, B.},
   title = {Wnt Signaling-Related Osteokines at Rest and Following Plyometric Exercise in Prepubertal and Early Pubertal Boys and Girls},
   journal = {Pediatr Exerc Sci},
   volume = {30},
   number = {4},
   pages = {457-465},
   ISSN = {0899-8493},
   DOI = {10.1123/pes.2017-0259},
   year = {2018},
   type = {Journal Article}
}

@article{RN262,
   author = {Klentrou, P. and McKee, K. and McKinlay, B. J. and Kurgan, N. and Roy, B. D. and Falk, B.},
   title = {Circulating Levels of Bone Markers after Short-Term Intense Training with Increased Dairy Consumption in Adolescent Female Athletes},
   journal = {Children (Basel)},
   volume = {8},
   number = {11},
   ISSN = {2227-9067 (Print)
2227-9067},
   DOI = {10.3390/children8110961},
   year = {2021},
   type = {Journal Article}
}

@article{RN273,
   author = {Kouvelioti, R. and Kurgan, N. and Falk, B. and Ward, W. E. and Josse, A. R. and Klentrou, P.},
   title = {Response of Sclerostin and Bone Turnover Markers to High Intensity Interval Exercise in Young Women: Does Impact Matter?},
   journal = {Biomed Res Int},
   volume = {2018},
   pages = {4864952},
   ISSN = {2314-6133 (Print)},
   DOI = {10.1155/2018/4864952},
   year = {2018},
   type = {Journal Article}
}

@article{RN269,
   author = {Kouvelioti, R. and Kurgan, N. and Falk, B. and Ward, W. E. and Josse, A. R. and Klentrou, P.},
   title = {Cytokine and Sclerostin Response to High-Intensity Interval Running versus Cycling},
   journal = {Med Sci Sports Exerc},
   volume = {51},
   number = {12},
   pages = {2458-2464},
   ISSN = {0195-9131},
   DOI = {10.1249/mss.0000000000002076},
   year = {2019},
   type = {Journal Article}
}

@article{RN256,
   author = {Kurgan, N. and Baranowski, B. and Stoikos, J. and MacNeil, A. J. and Fajardo, V. A. and MacPherson, R. E. K. and Klentrou, P.},
   title = {Characterization of sclerostin's response within white adipose tissue to an obesogenic diet at rest and in response to acute exercise in male mice},
   journal = {Front Physiol},
   volume = {13},
   pages = {1061715},
   ISSN = {1664-042X (Print)
1664-042x},
   DOI = {10.3389/fphys.2022.1061715},
   year = {2022},
   type = {Journal Article}
}

@article{RN272,
   author = {Kurgan, N. and Bott, K. N. and Helmeczi, W. E. and Roy, B. D. and Brindle, I. D. and Klentrou, P. and Fajardo, V. A.},
   title = {Low dose lithium supplementation activates Wnt/β-catenin signalling and increases bone OPG/RANKL ratio in mice},
   journal = {Biochem Biophys Res Commun},
   volume = {511},
   number = {2},
   pages = {394-397},
   ISSN = {0006-291x},
   DOI = {10.1016/j.bbrc.2019.02.066},
   year = {2019},
   type = {Journal Article}
}

@article{RN260,
   author = {Kurgan, N. and Islam, H. and Matusiak, J. B. L. and Baranowski, B. J. and Stoikos, J. and Fajardo, V. A. and MacPherson, R. E. K. and Gurd, B. J. and Klentrou, P.},
   title = {Subcutaneous adipose tissue sclerostin is reduced and Wnt signaling is enhanced following 4-weeks of sprint interval training in young men with obesity},
   journal = {Physiol Rep},
   volume = {10},
   number = {6},
   pages = {e15232},
   ISSN = {2051-817x},
   DOI = {10.14814/phy2.15232},
   year = {2022},
   type = {Journal Article}
}

@article{RN275,
   author = {Kurgan, N. and Logan-Sprenger, H. and Falk, B. and Klentrou, P.},
   title = {Bone and Inflammatory Responses to Training in Female Rowers over an Olympic Year},
   journal = {Med Sci Sports Exerc},
   volume = {50},
   number = {9},
   pages = {1810-1817},
   ISSN = {0195-9131},
   DOI = {10.1249/mss.0000000000001640},
   year = {2018},
   type = {Journal Article}
}

@article{RN265,
   author = {Kurgan, N. and McKee, K. and Calleja, M. and Josse, A. R. and Klentrou, P.},
   title = {Cytokines, Adipokines, and Bone Markers at Rest and in Response to Plyometric Exercise in Obese vs Normal Weight Adolescent Females},
   journal = {Front Endocrinol (Lausanne)},
   volume = {11},
   pages = {531926},
   ISSN = {1664-2392 (Print)
1664-2392},
   DOI = {10.3389/fendo.2020.531926},
   year = {2020},
   type = {Journal Article}
}

@article{RN271,
   author = {Kurgan, N. and Noaman, N. and Pergande, M. R. and Cologna, S. M. and Coorssen, J. R. and Klentrou, P.},
   title = {Changes to the Human Serum Proteome in Response to High Intensity Interval Exercise: A Sequential Top-Down Proteomic Analysis},
   journal = {Front Physiol},
   volume = {10},
   pages = {362},
   ISSN = {1664-042X (Print)
1664-042x},
   DOI = {10.3389/fphys.2019.00362},
   year = {2019},
   type = {Journal Article}
}

@article{RN255,
   author = {Kurgan, N. and Skelly, L. E. and Ludwa, I. A. and Klentrou, P. and Josse, A. R.},
   title = {Twelve weeks of a diet and exercise intervention alters the acute bone response to exercise in adolescent females with overweight/obesity},
   journal = {Front Physiol},
   volume = {13},
   pages = {1049604},
   ISSN = {1664-042X (Print)
1664-042x},
   DOI = {10.3389/fphys.2022.1049604},
   year = {2022},
   type = {Journal Article}
}

@article{RN254,
   author = {Kurgan, N. and Stoikos, J. and Baranowski, B. J. and Yumol, J. and Dhaliwal, R. and Sweezey-Munroe, J. B. and Fajardo, V. A. and Gittings, W. and Macpherson, R. E. K. and Klentrou, P.},
   title = {Sclerostin Influences Exercise-Induced Adaptations in Body Composition and White Adipose Tissue Morphology in Male Mice},
   journal = {J Bone Miner Res},
   volume = {38},
   number = {4},
   pages = {541-555},
   ISSN = {0884-0431},
   DOI = {10.1002/jbmr.4768},
   year = {2023},
   type = {Journal Article}
}

@article{RN277,
   author = {Kurgan, N. and Tsakiridis, E. and Kouvelioti, R. and Moore, J. and Klentrou, P. and Tsiani, E.},
   title = {Inhibition of Human Lung Cancer Cell Proliferation and Survival by Post-Exercise Serum Is Associated with the Inhibition of Akt, mTOR, p70 S6K, and Erk1/2},
   journal = {Cancers (Basel)},
   volume = {9},
   number = {5},
   ISSN = {2072-6694 (Print)
2072-6694},
   DOI = {10.3390/cancers9050046},
   year = {2017},
   type = {Journal Article}
}

@article{RN270,
   author = {Kurgan, N. and Whitley, K. C. and Maddalena, L. A. and Moradi, F. and Stoikos, J. and Hamstra, S. I. and Rubie, E. A. and Kumar, M. and Roy, B. D. and Woodgett, J. R. and Stuart, J. A. and Fajardo, V. A.},
   title = {A Low-Therapeutic Dose of Lithium Inhibits GSK3 and Enhances Myoblast Fusion in C2C12 Cells},
   journal = {Cells},
   volume = {8},
   number = {11},
   ISSN = {2073-4409},
   DOI = {10.3390/cells8111340},
   year = {2019},
   type = {Journal Article}
}

@article{RN266,
   author = {McKinlay, B. J. and Theocharidis, A. and Adebero, T. and Kurgan, N. and Fajardo, V. A. and Roy, B. D. and Josse, A. R. and H, M. Logan-Sprenger and Falk, B. and Klentrou, P.},
   title = {Effects of Post-Exercise Whey Protein Consumption on Recovery Indices in Adolescent Swimmers},
   journal = {Int J Environ Res Public Health},
   volume = {17},
   number = {21},
   ISSN = {1661-7827 (Print)
1660-4601},
   DOI = {10.3390/ijerph17217761},
   year = {2020},
   type = {Journal Article}
}

@article{RN259,
   author = {McKinlay, B. J. and Wallace, P. J. and Olansky, S. and Woods, S. and Kurgan, N. and Roy, B. D. and Josse, A. R. and Falk, B. and Klentrou, P.},
   title = {Intensified training in adolescent female athletes: a crossover study of Greek yogurt effects on indices of recovery},
   journal = {J Int Soc Sports Nutr},
   volume = {19},
   number = {1},
   pages = {17-33},
   ISSN = {1550-2783},
   DOI = {10.1080/15502783.2022.2044732},
   year = {2022},
   type = {Journal Article}
}

@article{RN261,
   author = {Papadopoulos, E. and Gillen, J. and Moore, D. and Au, D. and Kurgan, N. and Klentrou, P. and Finelli, A. and Alibhai, S. M. H. and Santa Mina, D.},
   title = {High-intensity interval training or resistance training versus usual care in men with prostate cancer on active surveillance: a 3-arm feasibility randomized controlled trial},
   journal = {Appl Physiol Nutr Metab},
   volume = {46},
   number = {12},
   pages = {1535-1544},
   ISSN = {1715-5312},
   DOI = {10.1139/apnm-2021-0365},
   year = {2021},
   type = {Journal Article}
}

@article{RN264,
   author = {Skelly, L. E. and Barbour-Tuck, E. N. and Kurgan, N. and Calleja, M. and Klentrou, P. and Falk, B. and Josse, A. R.},
   title = {Neutral Effect of Increased Dairy Product Intake, as Part of a Lifestyle Modification Program, on Cardiometabolic Health in Adolescent Girls With Overweight/Obesity: A Secondary Analysis From a Randomized Controlled Trial},
   journal = {Front Nutr},
   volume = {8},
   pages = {673589},
   ISSN = {2296-861X (Print)
2296-861x},
   DOI = {10.3389/fnut.2021.673589},
   year = {2021},
   type = {Journal Article}
}

